@inreference{wiki_software-defined_2020,
	title = {Software-defined radio},
	rights = {Creative Commons Attribution-{ShareAlike} License},
	url = {https://en.wikipedia.org/w/index.php?title=Software-defined_radio&oldid=959182555},
	booktitle = {Wikipedia},
	urldate = {2020-06-16},
	date = {2020-05-27},
	langid = {english},
	note = {Page Version {ID}: 959182555},
	file = {Snapshot:/home/luc/.zotero-data/storage/68NF2YK8/index.html:text/html}
}

@video{spiess_286_2019,
	title = {\#286 How does Software Defined Radio ({SDR}) work under the Hood? {SDR} Tutorial},
    author = {Spiess, Andreas},
	url = {https://www.youtube.com/watch?v=xQVm-YTKR9s&list=PLRlusPRPpIXTMhPZPn0IT0Wx_UTDW6iwi&index=12&t=273s},
	shorttitle = {\#286 How does Software Defined Radio ({SDR}) work under the Hood?},
	date = {2019-09-08},
	urldate = {2020-02-24}
}

@online{hackaday_your_2015,
	title = {Your First {GNU} Radio Receiver With {SDRPlay}},
    author = {Williams, Al},
	url = {https://hackaday.com/2015/11/12/your-first-gnu-radio-receiver-with-sdrplay/},
	titleaddon = {Hackaday},
	urldate = {2020-04-12},
	date = {2015-11-12},
	langid = {american},
	note = {Library Catalog: hackaday.com},
	file = {Snapshot:/home/luc/.zotero-data/storage/2JF5K5MS/your-first-gnu-radio-receiver-with-sdrplay.html:text/html}
}
