@article{riyaz_deep_2018,
    title = {Deep Learning Convolutional Neural Networks for Radio Identification},
    volume = {56},
    issn = {0163-6804 1558-1896},
    url = {https://ieeexplore.ieee.org/document/8466371},
    % doi = {10.1109/MCOM.2018.1800153},
    pages = {146--152},
    number = {9},
    journaltitle = {{IEEE} Communications Magazine},
    shortjournal = {{IEEE} Commun. Mag.},
    author = {Riyaz, Shamnaz and Sankhe, Kunal and Ioannidis, Stratis and Chowdhury, Kaushik},
    urldate = {2020-04-24},
    date = {2018-09},
    langid = {english},
}

@article{youssef_machine_2017,
	title = {Machine Learning Approach to {RF} Transmitter Identification},
	author = {Youssef, Khalid and Bouchard, Louis and Haigh, Karen and Krovi, H. and Silovsky, J. and Valk, C.},
	date = {2017-11-05},
    url = {https://arxiv.org/pdf/1711.01559}
}

@article{sankhe_no_2019,
	title = {No Radio Left Behind: Radio Fingerprinting Through Deep Learning of Physical-Layer Hardware Impairments},
	issn = {2332-7731, 2372-2045},
	url = {https://ieeexplore.ieee.org/document/8882379},
	% doi = {10.1109/TCCN.2019.2949308},
	shorttitle = {No Radio Left Behind},
	pages = {1--1},
	journaltitle = {{IEEE} Transactions on Cognitive Communications and Networking},
	shortjournal = {{IEEE} Trans. Cogn. Commun. Netw.},
	author = {Sankhe, Kunal and Belgiovine, Mauro and Zhou, Fan and Angioloni, Luca and Restuccia, Francesco and {DrOro}, Salvatore and Melodia, Tommaso and Ioannidis, Stratis and Chowdhury, Kaushik},
	urldate = {2020-02-24},
	date = {2019-10},
	langid = {english},
}

@inproceedings{stankowicz_complex_2019,
	location = {Rochester, {NY}, {USA}},
	title = {Complex Neural Networks for Radio Frequency Fingerprinting},
	isbn = {978-1-72814-352-1},
	url = {https://ieeexplore.ieee.org/document/8923089},
	% doi = {10.1109/WNYIPW.2019.8923089},
	eventtitle = {2019 {IEEE} Western New York Image and Signal Processing Workshop ({WNYISPW})},
	pages = {1--5},
	booktitle = {2019 {IEEE} Western New York Image and Signal Processing Workshop ({WNYISPW})},
	publisher = {{IEEE}},
	author = {Stankowicz, James and Robinson, Josh and Carmack, Joseph M. and Kuzdeba, Scott},
	urldate = {2020-02-24},
	date = {2019-10},
	langid = {english},
}

@inproceedings{oyedare_estimating_2019,
	location = {Newark, {NJ}, {USA}},
	title = {Estimating the Required Training Dataset Size for Transmitter Classification Using Deep Learning},
	isbn = {978-1-72812-376-9},
	url = {https://ieeexplore.ieee.org/document/8935823},
	% doi = {10.1109/DySPAN.2019.8935823},
	eventtitle = {2019 {IEEE} International Symposium on Dynamic Spectrum Access Networks ({DySPAN})},
	pages = {1--10},
	booktitle = {2019 {IEEE} International Symposium on Dynamic Spectrum Access Networks ({DySPAN})},
	publisher = {{IEEE}},
	author = {Oyedare, Taiwo and Park, Jung-Min Jerry},
	urldate = {2020-03-13},
	date = {2019-11},
	langid = {english},
}

@article{morin_transmitter_2019,
	title = {Transmitter Classification With Supervised Deep Learning},
	url = {http://arxiv.org/abs/1905.07923},
	journaltitle = {{arXiv}:1905.07923 [cs, eess]},
	author = {Morin, Cyrille and Cardoso, Leonardo and Hoydis, Jakob and Gorce, Jean-Marie and Vial, Thibaud},
	urldate = {2020-03-13},
	date = {2019-05-20},
	langid = {english},
	eprinttype = {arxiv},
	eprint = {1905.07923},
	keywords = {Computer Science - Machine Learning, Computer Science - Neural and Evolutionary Computing, Electrical Engineering and Systems Science - Signal Processing},
}

@article{xu_device_2015,
	title = {Device Fingerprinting in Wireless Networks: Challenges and Opportunities},
	url = {http://arxiv.org/abs/1501.01367},
	shorttitle = {Device Fingerprinting in Wireless Networks},
	journaltitle = {{arXiv}:1501.01367 [cs]},
	author = {Xu, Qiang and Zheng, Rong and Saad, Walid and Han, Zhu},
	urldate = {2020-04-24},
	date = {2015-01-06},
	langid = {english},
	eprinttype = {arxiv},
	eprint = {1501.01367},
	keywords = {Computer Science - Networking and Internet Architecture},
}

@article{delgado_passive_2020,
	title = {Passive and active wireless device secure identification},
	issn = {2169-3536},
	url = {https://ieeexplore.ieee.org/document/9082628/},
	% doi = {10.1109/ACCESS.2020.2991649},
	pages = {1--1},
	journaltitle = {{IEEE} Access},
	shortjournal = {{IEEE} Access},
	author = {Delgado, Oscar and Kechtban, Louai and Lugan, Sebastien and Macq, Benoit},
	urldate = {2020-05-08},
	date = {2020},
	langid = {english},
}

@inproceedings{nguyen_device_2011,
	location = {Shanghai, China},
	title = {Device fingerprinting to enhance wireless security using nonparametric Bayesian method},
	isbn = {978-1-4244-9919-9},
	url = {http://ieeexplore.ieee.org/document/5934926/},
	% doi = {10.1109/INFCOM.2011.5934926},
	eventtitle = {{IEEE} {INFOCOM} 2011 - {IEEE} Conference on Computer Communications},
	pages = {1404--1412},
	booktitle = {2011 Proceedings {IEEE} {INFOCOM}},
	publisher = {{IEEE}},
	author = {Nguyen, Nam Tuan and Zheng, Guanbo and Han, Zhu and Zheng, Rong},
	urldate = {2020-06-12},
	date = {2011-04},
	langid = {english},
}

@article{hall_enhancing_nodate,
	title = {Enhancing intrusion detection in wireless networks using radio frequency fingerprinting},
	pages = {6},
	author = {Hall, Jeyanthi and Barbeau, Michel and Kranakis, Evangelos},
	langid = {english}
}
